@inproceedings{causalorder, 
	title={Tracking Causal Order in AWS Lambda Applications},
	author={Lin, Wei-Tsung and Krintz, Chandra and Wolski, Rich and Zhang, Michael and Cai, Xiaogang and Li, Tongjun and Xu, Weijin},
	booktitle={Cloud Engineering (IC2E), 2018 IEEE International Conference on},
	pages={50--60},
	year={2018},
	organization={IEEE}
}

@inproceedings{lowgo,
	title={Tracing Function Dependencies Across Clouds},
	author={Lin, Wei-Tsung and Krintz, Chandra and Wolski, Rich},
	booktitle={2018 IEEE 11th International Conference on Cloud Computing (CLOUD)},
	pages={253--260},
	year={2018},
	organization={IEEE}
}

@incollection{trends,
	title={Serverless computing: Current trends and open problems},
	author={Baldini, Ioana and Castro, Paul and Chang, Kerry and Cheng, Perry and Fink, Stephen and Ishakian, Vatche and Mitchell, Nick and Muthusamy, Vinod and Rabbah, Rodric and Slominski, Aleksander and others},
	booktitle={Research Advances in Cloud Computing},
	pages={1--20},
	year={2017},
	publisher={Springer}
}

@article{ifc,
	title={Secure Serverless Computing Using Dynamic Information Flow Control},
	author={Alpernas, Kalev and Flanagan, Cormac and Fouladi, Sadjad and Ryzhyk, Leonid and Sagiv, Mooly and Schmitz, Thomas and Winstein, Keith},
	journal={arXiv preprint arXiv:1802.08984},
	year={2018}
}


@inproceedings{nodejscallgraph,
	title={Static analysis of event-driven Node.js JavaScript applications},
	author={Magnus Madsen and Frank Tip and Ondrej Lhot{\'a}k},
	booktitle={OOPSLA},
	year={2015}
}

@inproceedings{chatbot,
	title={Building a chatbot with serverless computing},
	author={Yan, Mengting and Castro, Paul and Cheng, Perry and Ishakian, Vatche},
	booktitle={Proceedings of the 1st International Workshop on Mashups of Things and APIs},
	pages={5},
	year={2016},
	organization={ACM}
}

@article{introcallgraph,
	title={Call graph construction in object-oriented languages},
	author={Grove, David and DeFouw, Greg and Dean, Jeffrey and Chambers, Craig},
	journal={ACM SIGPLAN Notices},
	volume={32},
	number={10},
	pages={108--124},
	year={1997},
	publisher={ACM}
}

@inproceedings{partialcallgraph,
	title={Application-only call graph construction},
	author={Ali, Karim and Lhot{\'a}k, Ond{\v{r}}ej},
	booktitle={European Conference on Object-Oriented Programming},
	pages={688--712},
	year={2012},
	organization={Springer}
}

@article{deadcode,
	title={Partial dead code elimination},
	author={Knoop, Jens and R{\"u}thing, Oliver and Steffen, Bernhard},
	journal={ACM SIGPLAN Notices},
	volume={29},
	number={6},
	pages={147--158},
	year={1994},
	publisher={ACM}
}


@techreport{malicious,
	title={Static analysis of executables to detect malicious patterns},
	author={Christodorescu, Mihai and Jha, Somesh},
	year={2006},
	institution={Wisconsin University-Madison}
}

@article{vulns,
	title={A survey of static analysis methods for identifying security vulnerabilities in software systems},
	author={Pistoia, Marco and Chandra, Satish and Fink, Stephen J and Yahav, Eran},
	journal={IBM Systems Journal},
	volume={46},
	number={2},
	pages={265--288},
	year={2007},
	publisher={IBM}
}


@article{serverlesscost,
	title={Be Wary of the Economics of "Serverless" Cloud Computing},
	author={Eivy, Adam},
	journal={ IEEE Cloud Computing},
	volume={4},
	number={2},
	pages={6--12},
	year={2017},
	publisher={IEEE}
}
@inproceedings{frameworkoverview,
	title={A Review of Serverless Frameworks},
	author={Kritikos, Kyriakos and Skrzypek, Pawe{\l}},
	booktitle={2018 IEEE/ACM International Conference on Utility and Cloud Computing Companion (UCC Companion)},
	pages={161--168},
	year={2018},
	organization={IEEE}
}

@misc{serverlessframework,
	author = {Serverless Inc.},
	title = {Why Serverless?},
	year = 2019,
	url = {https://serverless.com/learn/overview/},
	urldate = {2019-02-21}
}

@misc{awsrepo,
	author = {Amazon Inc.},
	title = {AWS Serverless Application Repository},
	year = 2019,
	url = {https://serverlessrepo.aws.amazon.com/applications},
	urldate = {2019-02-23}
}

@inproceedings{serverlessoverview,
	title={Serverless computing: Design, implementation, and performance},
	author={McGrath, Garrett and Brenner, Paul R},
	booktitle={2017 IEEE 37th International Conference on Distributed Computing Systems Workshops (ICDCSW)},
	pages={405--410},
	year={2017},
	organization={IEEE}
}

@inproceedings{curtain,
	title={Peeking behind the curtains of serverless platforms},
	author={Wang, Liang and Li, Mengyuan and Zhang, Yinqian and Ristenpart, Thomas and Swift, Michael},
	booktitle={2018 $\{$USENIX$\}$ Annual Technical Conference ($\{$USENIX$\}$$\{$ATC$\}$ 18)},
	pages={133--146},
	year={2018}
}

@inproceedings{scriptingchallenges,
	title={Profile-guided static typing for dynamic scripting languages},
	author={Furr, Michael and An, Jong-hoon David and Foster, Jeffrey S},
	booktitle={ACM SIGPLAN Notices},
	volume={44},
	number={10},
	pages={283--300},
	year={2009},
	organization={ACM}
}
